[{"produto":"Maionese Vegan Hellmann's 320g","preço":"\n        \n        3,10 €\n\n\n        ","preçokg":"9.69 €/Kg","image":"https://www.auchan.pt/dw/image/v2/BFRC_PRD/on/demandware.static/-/Sites-auchan-pt-master-catalog/default/dw2c8e6522/images/hi-res/003754693.jpg?sw=250&sh=250&sm=fit&bgcolor=FFFFFF","link":"https://www.auchan.pt/pt/alimentacao/mercearia/maionese-ketchup-mostarda-e-especialidades/maionese-ketchup-e-mostarda/maionese-vegan-hellmanns-320g/3754693.html"},{"produto":"Planteiga Planta Com Sal Vegan 225g","preço":"\n        \n        1,99 €\n\n\n        ","preçokg":"8.84 €/Kg","image":"https://www.auchan.pt/dw/image/v2/BFRC_PRD/on/demandware.static/-/Sites-auchan-pt-master-catalog/default/dw1e935986/images/hi-res/003818139.jpg?sw=250&sh=250&sm=fit&bgcolor=FFFFFF","link":"https://www.auchan.pt/pt/alimentacao/produtos-lacteos/manteiga-cremes-e-margarina/cremes-para-barrar/planteiga-planta-com-sal-vegan-225g/3818139.html"},{"produto":"Pão Pangudi Pita Vegan Sem Lactose 400g","preço":"\n        \n        1,98 €\n\n\n        ","preçokg":"4.95 €/Kg","image":"https://www.auchan.pt/dw/image/v2/BFRC_PRD/on/demandware.static/-/Sites-auchan-pt-master-catalog/default/dwc0954ed8/images/hi-res/002751009.jpg?sw=250&sh=250&sm=fit&bgcolor=FFFFFF","link":"https://www.auchan.pt/pt/alimentacao/mercearia/tostas-e-pao-embalado/tostas-mini-tostas-e-gressinos/pao-pangudi-pita-vegan-sem-lactose-400g/2751009.html"},{"produto":"Panado Garden Gourmet Vegan 270g","preço":"\n        \n        5,49 €\n\n\n        ","preçokg":"20.33 €/Kg","image":"https://www.auchan.pt/dw/image/v2/BFRC_PRD/on/demandware.static/-/Sites-auchan-pt-master-catalog/default/dw8f8d35a0/images/hi-res/003515705.jpg?sw=250&sh=250&sm=fit&bgcolor=FFFFFF","link":"https://www.auchan.pt/pt/alimentacao/congelados/refeicoes/refeicoes-faceis/panado-garden-gourmet-vegan-270g/3515705.html"},{"produto":"Nuggets Garden Gourmet Vegan 300g","preço":"\n        \n        5,49 €\n\n\n        ","preçokg":"18.3 €/Kg","image":"https://www.auchan.pt/dw/image/v2/BFRC_PRD/on/demandware.static/-/Sites-auchan-pt-master-catalog/default/dw96a16311/images/hi-res/003515712.jpg?sw=250&sh=250&sm=fit&bgcolor=FFFFFF","link":"https://www.auchan.pt/pt/alimentacao/congelados/refeicoes/douradinhos-nuggets-e-panados/nuggets-garden-gourmet-vegan-300g/3515712.html"},{"produto":"Almondegas Vegan Heura 208g","preço":"\n        \n        4,99 €\n\n\n        ","preçokg":"23.99 €/Kg","image":"https://www.auchan.pt/dw/image/v2/BFRC_PRD/on/demandware.static/-/Sites-auchan-pt-master-catalog/default/dw63e142d0/images/hi-res/003426479.jpg?sw=250&sh=250&sm=fit&bgcolor=FFFFFF","link":"https://www.auchan.pt/pt/alimentacao/congelados/refeicoes/refeicoes-faceis/almondegas-vegan-heura-208g/3426479.html"},{"produto":"Gelado Magnum Vegan Amêndoas 3x90ml","preço":"\n        \n        5,49 €\n\n\n        ","preçokg":"15.25 €/Lt","image":"https://www.auchan.pt/dw/image/v2/BFRC_PRD/on/demandware.static/-/Sites-auchan-pt-master-catalog/default/dwc68fae73/images/hi-res/002979081.jpg?sw=250&sh=250&sm=fit&bgcolor=FFFFFF","link":"https://www.auchan.pt/pt/alimentacao/congelados/gelados/gelados-equilibrio/gelado-magnum-vegan-amendoas-3x90ml/2979081.html"},{"produto":"Almondegas Vegetais Beyond Meat Vegan 200g","preço":"\n        \n        4,99 €\n\n\n        ","preçokg":"22.08 €/Kg","image":"https://www.auchan.pt/dw/image/v2/BFRC_PRD/on/demandware.static/-/Sites-auchan-pt-master-catalog/default/dwff81ebd0/images/hi-res/003370768.jpg?sw=250&sh=250&sm=fit&bgcolor=FFFFFF","link":"https://www.auchan.pt/pt/alimentacao/congelados/refeicoes/refeicoes-faceis/almondegas-vegetais-beyond-meat-vegan-200g/3370768.html"},{"produto":"Chouriço Vegan Heura 216g","preço":"\n        \n        4,89 €\n\n\n        ","preçokg":"22.64 €/Kg","image":"https://www.auchan.pt/dw/image/v2/BFRC_PRD/on/demandware.static/-/Sites-auchan-pt-master-catalog/default/dw96d7f3dc/images/hi-res/003426482.jpg?sw=250&sh=250&sm=fit&bgcolor=FFFFFF","link":"https://www.auchan.pt/pt/alimentacao/congelados/refeicoes/refeicoes-faceis/chourico-vegan-heura-216g/3426482.html"},{"produto":"Sobremesa Andros Mousse Chocolate Vegan 2x55g","preço":"\n        \n        1,99 €\n\n\n        ","preçokg":"18.09 €/Kg","image":"https://www.auchan.pt/dw/image/v2/BFRC_PRD/on/demandware.static/-/Sites-auchan-pt-master-catalog/default/dw2be8dd4e/images/hi-res/003290803.jpg?sw=250&sh=250&sm=fit&bgcolor=FFFFFF","link":"https://www.auchan.pt/pt/alimentacao/produtos-lacteos/gelatinas-e-sobremesas/sobremesas-tradicionais/sobremesa-andros-mousse-chocolate-vegan-2x55g/3290803.html"},{"produto":"Hamburguers Linda Mccartney Vegan Maxi 2un 227g","preço":"\n        \n        4,29 €\n\n\n        ","preçokg":"18.9 €/Kg","image":"https://www.auchan.pt/dw/image/v2/BFRC_PRD/on/demandware.static/-/Sites-auchan-pt-master-catalog/default/dwa284301a/images/hi-res/003244432.jpg?sw=250&sh=250&sm=fit&bgcolor=FFFFFF","link":"https://www.auchan.pt/pt/alimentacao/congelados/refeicoes/refeicoes-faceis/hamburguers-linda-mccartney-vegan-maxi-2un-227g/3244432.html"},{"produto":"Salsichas Izidoro Vegan 5un 410(220)G","preço":"\n        \n        5,49 €\n\n\n        ","preçokg":"24.95 €/Kg","image":"https://www.auchan.pt/dw/image/v2/BFRC_PRD/on/demandware.static/-/Sites-auchan-pt-master-catalog/default/dwf4a2dc1b/images/hi-res/003230715.jpg?sw=250&sh=250&sm=fit&bgcolor=FFFFFF","link":"https://www.auchan.pt/pt/alimentacao/mercearia/conservas/salsichas-especialidades/salsichas-izidoro-vegan-5un-410%28220%29g/3230715.html"},{"produto":"Refeição Garden Gourmet Almondegas Vegan 300g","preço":"\n        \n        5,49 €\n\n\n        ","preçokg":"18.3 €/Kg","image":"https://www.auchan.pt/pt/alimentacao/?q=vegan&sz=24&start=0","link":"https://www.auchan.pt/pt/alimentacao/congelados/refeicoes/refeicoes-faceis/refeicao-garden-gourmet-almondegas-vegan-300g/3515710.html"},{"produto":"Gelado Vegan Swee Bolo Chocolate E Brownie 500ml","preço":"\n        \n        5,99 €\n\n\n        ","preçokg":"11.98 €/Lt","image":"https://www.auchan.pt/pt/alimentacao/?q=vegan&sz=24&start=0","link":"https://www.auchan.pt/pt/alimentacao/congelados/gelados/gelados-equilibrio/gelado-vegan-swee-bolo-chocolate-e-brownie-500ml/3503325.html"},{"produto":"Pizza Ristorante Margherita Vegan 340g","preço":"\n        \n        5,89 €\n\n\n        ","preçokg":"17.32 €/Kg","image":"https://www.auchan.pt/pt/alimentacao/?q=vegan&sz=24&start=0","link":"https://www.auchan.pt/pt/alimentacao/congelados/pizzas/pizza-ristorante-margherita-vegan-340g/3320171.html"},{"produto":"Douradinhos Iglo Green Cuisine Vegan 12un 336g","preço":"\n        \n        3,99 €\n\n\n        ","preçokg":"11.88 €/Kg","image":"https://www.auchan.pt/pt/alimentacao/?q=vegan&sz=24&start=0","link":"https://www.auchan.pt/pt/alimentacao/congelados/refeicoes/refeicoes-faceis/douradinhos-iglo-green-cuisine-vegan-12un-336g/3433092.html"},{"produto":"Chocolate Ritter Sport Amendoa Caramelo Sal Vegan 100g","preço":"\n        \n        4,19 €\n\n\n        ","preçokg":"41.9 €/Kg","image":"https://www.auchan.pt/pt/alimentacao/?q=vegan&sz=24&start=0","link":"https://www.auchan.pt/pt/alimentacao/mercearia/chocolates-e-achocolatados/tablete-chocolate-com-cereais-e-frutos-secos/chocolate-ritter-sport-amendoa-caramelo-sal-vegan-100g/3706910.html"},{"produto":"Salsichas Soja Izidoro Bockwurst Vegan 5un 400(245)G","preço":"\n        \n        4,85 €\n\n\n        ","preçokg":"19.8 €/Kg","image":"https://www.auchan.pt/pt/alimentacao/?q=vegan&sz=24&start=0","link":"https://www.auchan.pt/pt/alimentacao/mercearia/conservas/salsichas-especialidades/salsichas-soja-izidoro-bockwurst-vegan-5un-400%28245%29g/813481.html"},{"produto":"Salsichas Linda Mccartney Vegan 6un 270g","preço":"\n        \n        4,29 €\n\n\n        ","preçokg":"15.89 €/Kg","image":"https://www.auchan.pt/pt/alimentacao/?q=vegan&sz=24&start=0","link":"https://www.auchan.pt/pt/alimentacao/congelados/refeicoes/refeicoes-faceis/salsichas-linda-mccartney-vegan-6un-270g/911855.html"},{"produto":"Hamburguer Beyond Meat Vegetal 226g","preço":"\n        \n        4,99 €\n\n\n        ","preçokg":"22.08 €/Kg","image":"https://www.auchan.pt/pt/alimentacao/?q=vegan&sz=24&start=0","link":"https://www.auchan.pt/pt/alimentacao/congelados/refeicoes/refeicoes-faceis/hamburguer-beyond-meat-vegetal-226g/3279393.html"},{"produto":"Preparado Vegan Violife Le Rond 150g","preço":"\n        \n        4,49 €\n\n\n        ","preçokg":"29.93 €/Kg","image":"https://www.auchan.pt/pt/alimentacao/?q=vegan&sz=24&start=0","link":"https://www.auchan.pt/pt/biologicos-e-alternativas/vegan/alimentacao-vegan/alternativa-a-queijaria/preparado-vegan-violife-le-rond-150g/3525143.html"},{"produto":"Chocolate Ritter Sport Amendoim Tostado Vegan 100 G","preço":"\n        \n        4,19 €\n\n\n        ","preçokg":"41.9 €/Kg","image":"https://www.auchan.pt/pt/alimentacao/?q=vegan&sz=24&start=0","link":"https://www.auchan.pt/pt/alimentacao/mercearia/chocolates-e-achocolatados/tablete-chocolate-com-cereais-e-frutos-secos/chocolate-ritter-sport-amendoim-tostado-vegan-100-g/3668651.html"},{"produto":"Preparado Linda Mccartney Vegan Picado 500g","preço":"\n        \n        7,99 €\n\n\n        ","preçokg":"15.98 €/Kg","image":"https://www.auchan.pt/pt/alimentacao/?q=vegan&sz=24&start=0","link":"https://www.auchan.pt/pt/alimentacao/congelados/refeicoes/refeicoes-faceis/preparado-linda-mccartney-vegan-picado-500g/3449076.html"},{"produto":"Planteiga Planta Sem Sal Vegan 225g","preço":"\n        \n        1,99 €\n\n\n        ","preçokg":"8.84 €/Kg","image":"https://www.auchan.pt/pt/alimentacao/?q=vegan&sz=24&start=0","link":"https://www.auchan.pt/pt/alimentacao/produtos-lacteos/manteiga-cremes-e-margarina/cremes-para-barrar/planteiga-planta-sem-sal-vegan-225g/3818314.html"},{"produto":"Kefir Pastoret Vegan 500g","preço":"\n        \n        3,17 €\n\n\n        ","preçokg":"6.34 €/Kg","image":"https://www.auchan.pt/pt/alimentacao/?q=vegan&sz=24&start=0","link":"https://www.auchan.pt/pt/alimentacao/produtos-lacteos/iogurtes/defesa-e-colesterol/kefir-pastoret-vegan-500g/3499836.html"},{"produto":"Cone Vegan Valsoia Espresso E Cacau 4 Un 300g","preço":"\n        \n        5,49 €\n\n\n        ","preçokg":"18.3 €/Kg","image":"https://www.auchan.pt/pt/alimentacao/?q=vegan&sz=24&start=0","link":"https://www.auchan.pt/pt/alimentacao/congelados/gelados/gelados-equilibrio/cone-vegan-valsoia-espresso-e-cacau-4-un-300g/3630103.html"},{"produto":"Gelado Vegan Swee Caramelo Pedaços Brownie 500ml","preço":"\n        \n        5,99 €\n\n\n        ","preçokg":"11.98 €/Lt","image":"https://www.auchan.pt/pt/alimentacao/?q=vegan&sz=24&start=0","link":"https://www.auchan.pt/pt/alimentacao/congelados/gelados/gelados-equilibrio/gelado-vegan-swee-caramelo-pedacos-brownie-500ml/3503376.html"},{"produto":"Cuscuz Trevijano Mediterrâneo Vegan 300g","preço":"\n        \n        3,87 €\n\n\n        ","preçokg":"12.9 €/Kg","image":"https://www.auchan.pt/pt/alimentacao/?q=vegan&sz=24&start=0","link":"https://www.auchan.pt/pt/alimentacao/mercearia/refeicoes-sopas-e-pure/refeicoes-pre-preparadas/cuscuz-trevijano-mediterraneo-vegan-300g/3286643.html"},{"produto":"Empadas Linda Mccartney Vegan Tradicionais 380g","preço":"\n        \n        4,99 €\n\n\n        ","preçokg":"13.13 €/Kg","image":"https://www.auchan.pt/pt/alimentacao/?q=vegan&sz=24&start=0","link":"https://www.auchan.pt/pt/alimentacao/congelados/refeicoes/refeicoes-faceis/empadas-linda-mccartney-vegan-tradicionais-380g/2972861.html"},{"produto":"Chocolate Regina Negro 85% Vegan 100g","preço":"\n        \n        2,89 €\n\n\n        ","preçokg":"28.9 €/Kg","image":"https://www.auchan.pt/pt/alimentacao/?q=vegan&sz=24&start=0","link":"https://www.auchan.pt/pt/alimentacao/mercearia/chocolates-e-achocolatados/tablete-chocolate-leite-branco-e-negro/chocolate-regina-negro-85-vegan-100g/3307285.html"},{"produto":"Preparado Para Bolo Vegan Cem Porcento Chocolate 450g","preço":"\n        \n        3,99 €\n\n\n        ","preçokg":"8.87 €/Kg","image":"https://www.auchan.pt/pt/alimentacao/?q=vegan&sz=24&start=0","link":"https://www.auchan.pt/pt/biologicos-e-alternativas/alimentacao-vegetariana/preparado-para-bolo-vegan-cem-porcento-chocolate-450g/3369398.html"},{"produto":"Gelado The Icely Brothers Pistáchio Bio Vegan 460ml","preço":"\n        \n        5,25 €\n\n\n        ","preçokg":"11.41 €/Lt","image":"https://www.auchan.pt/pt/alimentacao/?q=vegan&sz=24&start=0","link":"https://www.auchan.pt/pt/biologicos-e-alternativas/biologicos/biologicos-congelados/gelados-e-sobremesas/gelado-the-icely-brothers-pistachio-bio-vegan-460ml/3818306.html"},{"produto":"Bolonhesa De Lentilhas Compal 360g","preço":"\n        \n        3,69 €\n\n\n        ","preçokg":"10.25 €/Kg","image":"https://www.auchan.pt/pt/alimentacao/?q=vegan&sz=24&start=0","link":"https://www.auchan.pt/pt/alimentacao/mercearia/refeicoes-sopas-e-pure/refeicoes-pre-preparadas/bolonhesa-de-lentilhas-compal-360g/3774732.html"},{"produto":"Gelado Vegan Valsoia Chocolate E Avelãs 400g","preço":"\n        \n        5,79 €\n\n\n        ","preçokg":"14.48 €/Kg","image":"https://www.auchan.pt/pt/alimentacao/?q=vegan&sz=24&start=0","link":"https://www.auchan.pt/pt/alimentacao/congelados/gelados/gelados-equilibrio/gelado-vegan-valsoia-chocolate-e-avelas-400g/3630106.html"},{"produto":"Risotto Trevijanos Mediterrâneo Sem Glúten Vegan 280g","preço":"\n        \n        3,89 €\n\n\n        ","preçokg":"13.89 €/Kg","image":"https://www.auchan.pt/pt/alimentacao/?q=vegan&sz=24&start=0","link":"https://www.auchan.pt/pt/alimentacao/mercearia/refeicoes-sopas-e-pure/refeicoes-pre-preparadas/risotto-trevijanos-mediterraneo-sem-gluten-vegan-280g/3286641.html"},{"produto":"Cuscuz Trevijano Marroquino Vegan 300g","preço":"\n        \n        3,87 €\n\n\n        ","preçokg":"12.9 €/Kg","image":"https://www.auchan.pt/pt/alimentacao/?q=vegan&sz=24&start=0","link":"https://www.auchan.pt/pt/alimentacao/mercearia/refeicoes-sopas-e-pure/refeicoes-pre-preparadas/cuscuz-trevijano-marroquino-vegan-300g/3286642.html"},{"produto":"Altervizo Fatias Com Proteína 80g","preço":"\n        \n        3,49 €\n\n\n        ","preçokg":"43.63 €/Kg","image":"https://www.auchan.pt/pt/alimentacao/?q=vegan&sz=24&start=0","link":"https://www.auchan.pt/pt/biologicos-e-alternativas/alimentacao-vegetariana/altervizo-fatias-com-proteina-80g/3775545.html"},{"produto":"Gelado Vegan Swee Morango 500 Ml","preço":"\n        \n        5,99 €\n\n\n        ","preçokg":"11.98 €/Lt","image":"https://www.auchan.pt/pt/alimentacao/?q=vegan&sz=24&start=0","link":"https://www.auchan.pt/pt/alimentacao/congelados/gelados/gelados-equilibrio/gelado-vegan-swee-morango-500-ml/3802321.html"},{"produto":"Chili De Feijão Compal 360g","preço":"\n        \n        3,69 €\n\n\n        ","preçokg":"10.25 €/Kg","image":"https://www.auchan.pt/pt/alimentacao/?q=vegan&sz=24&start=0","link":"https://www.auchan.pt/pt/alimentacao/mercearia/refeicoes-sopas-e-pure/refeicoes-pre-preparadas/chili-de-feijao-compal-360g/3774738.html"},{"produto":"Gelado B&J Cookie Dough Vegan 465ml","preço":"\n        \n        6,79 €\n\n\n        ","preçokg":"14.6 €/Lt","image":"https://www.auchan.pt/pt/alimentacao/?q=vegan&sz=24&start=0","link":"https://www.auchan.pt/pt/alimentacao/congelados/gelados/gelados-pint/gelado-bej-cookie-dough-vegan-465ml/3170565.html"},{"produto":"Gelado Vegan O Gelado Morango 460ml","preço":"\n        \n        8,95 €\n\n\n        ","preçokg":"19.46 €/Lt","image":"https://www.auchan.pt/pt/alimentacao/?q=vegan&sz=24&start=0","link":"https://www.auchan.pt/pt/alimentacao/congelados/gelados/gelados-pint/gelado-vegan-o-gelado-morango-460ml/3355728.html"},{"produto":"Gelado Vegan Swee Vanilla Marsh Cookies 500ml","preço":"\n        \n        5,99 €\n\n\n        ","preçokg":"11.98 €/Lt","image":"https://www.auchan.pt/pt/alimentacao/?q=vegan&sz=24&start=0","link":"https://www.auchan.pt/pt/alimentacao/congelados/gelados/gelados-equilibrio/gelado-vegan-swee-vanilla-marsh-cookies-500ml/3553627.html"},{"produto":"Gelado Vegan Swee Framboesa Pistacio 500 Ml","preço":"\n        \n        5,99 €\n\n\n        ","preçokg":"11.98 €/Lt","image":"https://www.auchan.pt/pt/alimentacao/?q=vegan&sz=24&start=0","link":"https://www.auchan.pt/pt/alimentacao/congelados/gelados/gelados-equilibrio/gelado-vegan-swee-framboesa-pistacio-500-ml/3801219.html"},{"produto":"Caril De Grão Compal 360gr","preço":"\n        \n        3,69 €\n\n\n        ","preçokg":"10.25 €/Kg","image":"https://www.auchan.pt/pt/alimentacao/?q=vegan&sz=24&start=0","link":"https://www.auchan.pt/pt/alimentacao/mercearia/refeicoes-sopas-e-pure/refeicoes-pre-preparadas/caril-de-grao-compal-360gr/3774737.html"},{"produto":"Alternativa Vegan Atum Loma Pimenta Doce Tailandesa 142g","preço":"\n        \n        2,99 €\n\n\n        ","preçokg":"21.06 €/Kg","image":"https://www.auchan.pt/pt/alimentacao/?q=vegan&sz=24&start=0","link":"https://www.auchan.pt/pt/alimentacao/mercearia/conservas/conservas-especialidades/alternativa-vegan-atum-loma-pimenta-doce-tailandesa-142g/3815963.html"},{"produto":"Cuscuz Estilo Thai Trevijano Vegan 250g","preço":"\n        \n        3,89 €\n\n\n        ","preçokg":"15.56 €/Kg","image":"https://www.auchan.pt/dw/image/v2/BFRC_PRD/on/demandware.static/-/Sites-auchan-pt-master-catalog/default/dwc81decb2/images/hi-res/003680242.jpg?sw=250&sh=250&sm=fit&bgcolor=FFFFFF","link":"https://www.auchan.pt/pt/alimentacao/mercearia/arroz-e-massa/massa-pre-preparada/cuscuz-estilo-thai-trevijano-vegan-250g/3680242.html"},{"produto":"Gelado Vegan Auchan Mini Palitos Base Coco 6x35g","preço":"\n        \n        3,99 €\n\n\n        ","preçokg":"19 €/Kg","image":"https://www.auchan.pt/dw/image/v2/BFRC_PRD/on/demandware.static/-/Sites-auchan-pt-master-catalog/default/dwc1625acf/images/hi-res/003650929.jpg?sw=250&sh=250&sm=fit&bgcolor=FFFFFF","link":"https://www.auchan.pt/pt/alimentacao/congelados/gelados/gelados-equilibrio/gelado-vegan-auchan-mini-palitos-base-coco-6x35g/3650929.html"},{"produto":"Quinoa Trevijano Tricolor Com Shitake Sem Glúten Vegan 250g","preço":"\n        \n        4,39 €\n\n\n        ","preçokg":"17.56 €/Kg","image":"https://www.auchan.pt/dw/image/v2/BFRC_PRD/on/demandware.static/-/Sites-auchan-pt-master-catalog/default/dwb6ea980a/images/hi-res/003286645.jpg?sw=250&sh=250&sm=fit&bgcolor=FFFFFF","link":"https://www.auchan.pt/pt/alimentacao/mercearia/refeicoes-sopas-e-pure/refeicoes-pre-preparadas/quinoa-trevijano-tricolor-com-shitake-sem-gluten-vegan-250g/3286645.html"},{"produto":"Alternativa Vegan Atum Loma Pimenta Limão 142g","preço":"\n        \n        2,99 €\n\n\n        ","preçokg":"21.06 €/Kg","image":"https://www.auchan.pt/pt/alimentacao/?q=vegan&sz=24&start=0","link":"https://www.auchan.pt/pt/alimentacao/mercearia/conservas/conservas-especialidades/alternativa-vegan-atum-loma-pimenta-limao-142g/3815962.html"},{"produto":"Gelado Palito Vegan Auchan Cobertura Chocolate 3x120ml","preço":"\n        \n        3,49 €\n\n\n        ","preçokg":"9.69 €/Lt","image":"https://www.auchan.pt/pt/alimentacao/?q=vegan&sz=24&start=0","link":"https://www.auchan.pt/pt/alimentacao/congelados/gelados/gelados-equilibrio/gelado-palito-vegan-auchan-cobertura-chocolate-3x120ml/3651150.html"},{"produto":"Proteina Vegan Tarwi Tremoço- Puro 400g","preço":"\n        \n        12,41 €\n\n\n        ","preçokg":"31.03 €/Kg","image":"https://www.auchan.pt/pt/alimentacao/?q=vegan&sz=24&start=0","link":"https://www.auchan.pt/pt/biologicos-e-alternativas/nutricao-desportiva/proteina/proteina-vegan/proteina-vegan-tarwi-tremoco--puro-400g/3736033.html"},{"produto":"Bocados Heura Originais Vegetarianos 180g","preço":"\n        \n        4,49 €\n\n\n        ","preçokg":"24.94 €/Kg","image":"https://www.auchan.pt/pt/alimentacao/?q=vegan&sz=24&start=0","link":"https://www.auchan.pt/pt/alimentacao/congelados/refeicoes/refeicoes-faceis/bocados-heura-originais-vegetarianos-180g/3099975.html"},{"produto":"Seitan Salutem 300 Gr","preço":"\n        \n        2,99 €\n\n\n        ","preçokg":"9.97 €/Kg","image":"https://www.auchan.pt/pt/alimentacao/?q=vegan&sz=24&start=0","link":"https://www.auchan.pt/pt/alimentacao/mercearia/refeicoes-sopas-e-pure/refeicoes-pre-preparadas/seitan-salutem-300-gr/3753285.html"},{"produto":"Gelado Vegan O Gelado Maracujá 460ml","preço":"\n        \n        8,95 €\n\n\n        ","preçokg":"19.46 €/Lt","image":"https://www.auchan.pt/pt/alimentacao/?q=vegan&sz=24&start=0","link":"https://www.auchan.pt/pt/alimentacao/congelados/gelados/gelados-pint/gelado-vegan-o-gelado-maracuja-460ml/3355734.html"},{"produto":"Fatias Altervego Sabor Fumado 90g","preço":"\n        \n        3,49 €\n\n\n        ","preçokg":"38.78 €/Kg","image":"https://www.auchan.pt/pt/alimentacao/?q=vegan&sz=24&start=0","link":"https://www.auchan.pt/pt/biologicos-e-alternativas/alimentacao-vegetariana/fatias-altervego-sabor-fumado-90g/3775627.html"},{"produto":"Salsicha Beyond Meat Vegetal 200g","preço":"\n        \n        4,99 €\n\n\n        ","preçokg":"4.99 €/Kg","image":"https://www.auchan.pt/pt/alimentacao/?q=vegan&sz=24&start=0","link":"https://www.auchan.pt/pt/alimentacao/congelados/refeicoes/refeicoes-faceis/salsicha-beyond-meat-vegetal-200g/3285927.html"},{"produto":"Proteina Vegan Tarwi Tremoço- Cacau Intenso 400g","preço":"\n        \n        14,37 €\n\n\n        ","preçokg":"35.93 €/Kg","image":"https://www.auchan.pt/pt/alimentacao/?q=vegan&sz=24&start=0","link":"https://www.auchan.pt/pt/biologicos-e-alternativas/nutricao-desportiva/proteina/proteina-vegan/proteina-vegan-tarwi-tremoco--cacau-intenso-400g/3736053.html"},{"produto":"Gelado The Icely Brothers Vegan Framboesa Cakedough Bio 460ml","preço":"\n        \n        5,25 €\n\n\n        ","preçokg":"11.41 €/Lt","image":"https://www.auchan.pt/pt/alimentacao/?q=vegan&sz=24&start=0","link":"https://www.auchan.pt/pt/biologicos-e-alternativas/biologicos/biologicos-congelados/gelados-e-sobremesas/gelado-the-icely-brothers-vegan-framboesa-cakedough-bio-460ml/3484386.html"},{"produto":"Proteina Vegan Tarwi Tremoço- Baunilha 400g","preço":"\n        \n        14,37 €\n\n\n        ","preçokg":"35.93 €/Kg","image":"https://www.auchan.pt/pt/alimentacao/?q=vegan&sz=24&start=0","link":"https://www.auchan.pt/pt/biologicos-e-alternativas/nutricao-desportiva/proteina/proteina-vegan/proteina-vegan-tarwi-tremoco--baunilha-400g/3736054.html"},{"produto":"Gelado The Icely Brothers Vegan Brownie Bio 460ml","preço":"\n        \n        5,25 €\n\n\n        ","preçokg":"11.41 €/Lt","image":"https://www.auchan.pt/pt/alimentacao/?q=vegan&sz=24&start=0","link":"https://www.auchan.pt/pt/biologicos-e-alternativas/biologicos/biologicos-congelados/gelados-e-sobremesas/gelado-the-icely-brothers-vegan-brownie-bio-460ml/3363660.html"},{"produto":"Quinoa Cem Porcento Branca 400g","preço":"\n        \n        3,49 €\n\n\n        ","preçokg":"8.73 €/Kg","image":"https://www.auchan.pt/pt/alimentacao/?q=vegan&sz=24&start=0","link":"https://www.auchan.pt/pt/alimentacao/mercearia/arroz-e-massa/massas-especialidades/quinoa-cem-porcento-branca-400g/2214832.html"},{"produto":"Gelado Vegan O Gelado Lima 460ml","preço":"\n        \n        8,95 €\n\n\n        ","preçokg":"19.46 €/Lt","image":"https://www.auchan.pt/pt/alimentacao/?q=vegan&sz=24&start=0","link":"https://www.auchan.pt/pt/alimentacao/congelados/gelados/gelados-pint/gelado-vegan-o-gelado-lima-460ml/3355739.html"},{"produto":"Planteiga Planta Com Sal Vegan Emb.Papel 250g","preço":"\n        \n        1,79 €\n\n\n        ","preçokg":"8.95 €/Kg","image":"https://www.auchan.pt/pt/alimentacao/?q=vegan&sz=24&start=0","link":"https://www.auchan.pt/pt/alimentacao/produtos-lacteos/manteiga-cremes-e-margarina/cremes-para-barrar/planteiga-planta-com-sal-vegan-emb.papel-250g/3743147.html"},{"produto":"Hamburguer Garden Gourmet Vegan 300g","preço":"\n        \n        5,49 €\n\n\n        ","preçokg":"18.3 €/Kg","image":"https://www.auchan.pt/pt/alimentacao/?q=vegan&sz=24&start=0","link":"https://www.auchan.pt/pt/alimentacao/congelados/refeicoes/refeicoes-faceis/hamburguer-garden-gourmet-vegan-300g/3531002.html"},{"produto":"Bolonhesa Auchan Very Veggie Vegan Em Frasco 315g","preço":"\n        \n        3,29 €\n\n\n        ","preçokg":"10.44 €/Kg","image":"https://www.auchan.pt/pt/alimentacao/?q=vegan&sz=24&start=0","link":"https://www.auchan.pt/pt/alimentacao/mercearia/refeicoes-sopas-e-pure/refeicoes-pre-preparadas/bolonhesa-auchan-very-veggie-vegan-em-frasco-315g/3778650.html"},{"produto":"Gelado Cone Vegan Auchan Soja 4x120ml","preço":"\n        \n        3,99 €\n\n\n        ","preçokg":"13.3 €/Kg","image":"https://www.auchan.pt/pt/alimentacao/?q=vegan&sz=24&start=0","link":"https://www.auchan.pt/pt/alimentacao/congelados/gelados/gelados-equilibrio/gelado-cone-vegan-auchan-soja-4x120ml/3651021.html"},{"produto":"Planteiga Planta Com Sal Vegan 200g","preço":"\n        \n        1,99 €\n\n\n        ","preçokg":"9.95 €/Kg","image":"https://www.auchan.pt/pt/alimentacao/?q=vegan&sz=24&start=0","link":"https://www.auchan.pt/pt/alimentacao/produtos-lacteos/manteiga-cremes-e-margarina/cremes-para-barrar/planteiga-planta-com-sal-vegan-200g/3599394.html"},{"produto":"Carne Seca Kings Vegan 25g","preço":"\n        \n        1,99 €\n\n\n        ","preçokg":"79.6 €/Kg","image":"https://www.auchan.pt/pt/alimentacao/?q=vegan&sz=24&start=0","link":"https://www.auchan.pt/pt/biologicos-e-alternativas/vegan/alimentacao-vegan/refeicoes-e-proteina/carne-seca-kings-vegan-25g/3657673.html"},{"produto":"Creme Para Bater Cem Porcento Vegan 110g","preço":"\n        \n        1,12 €\n\n\n        ","preçokg":"10.18 €/Kg","image":"https://www.auchan.pt/pt/alimentacao/?q=vegan&sz=24&start=0","link":"https://www.auchan.pt/pt/alimentacao/mercearia/leite-condensado-e-preparado-para-bolos/cobertura-e-fruta-cristalizada/creme-para-bater-cem-porcento-vegan-110g/3426487.html"},{"produto":"Pudim Vegan Valsoia Caramelo 2 X115g","preço":"\n        \n        1,99 €\n\n\n        ","preçokg":"8.65 €/Kg","image":"https://www.auchan.pt/dw/image/v2/BFRC_PRD/on/demandware.static/-/Sites-auchan-pt-master-catalog/default/dw0917ffbc/images/hi-res/003356313.jpg?sw=250&sh=250&sm=fit&bgcolor=FFFFFF","link":"https://www.auchan.pt/pt/alimentacao/mercearia/leite-condensado-e-preparado-para-bolos/gelatina-pudim-e-mousse/pudim-vegan-valsoia-caramelo-2-x115g/3356313.html"},{"produto":"Bolanhesa Vegan Trevijano Vegan 200 G","preço":"\n        \n        3,89 €\n\n\n        ","preçokg":"19.45 €/Kg","image":"https://www.auchan.pt/dw/image/v2/BFRC_PRD/on/demandware.static/-/Sites-auchan-pt-master-catalog/default/dw59b925ae/images/hi-res/003680247.jpg?sw=250&sh=250&sm=fit&bgcolor=FFFFFF","link":"https://www.auchan.pt/pt/alimentacao/mercearia/refeicoes-sopas-e-pure/refeicoes-pre-preparadas/bolanhesa-vegan-trevijano-vegan-200-g/3680247.html"},{"produto":"Malty Horlicks Vegan 400g","preço":"\n        \n        6,45 €\n\n\n        ","preçokg":"16.13 €/Kg","image":"https://www.auchan.pt/dw/image/v2/BFRC_PRD/on/demandware.static/-/Sites-auchan-pt-master-catalog/default/dwd71cd238/images/hi-res/003771157.jpg?sw=250&sh=250&sm=fit&bgcolor=FFFFFF","link":"https://www.auchan.pt/pt/alimentacao/sabores-do-mundo/cozinha-europeia/bebidas/malty-horlicks-vegan-400g/3771157.html"}]